<record><leader>00000cas a22000007a 4500</leader><controlfield tag="001">19619058</controlfield><controlfield tag="008">890428d19781979couwr ne      0    0eng d</controlfield><datafield ind1=" " ind2=" " tag="010"><subfield code="a">sn 89052101 </subfield></datafield><datafield ind1=" " ind2=" " tag="040"><subfield code="a">CNQ</subfield><subfield code="b">eng</subfield><subfield code="c">CNQ</subfield><subfield code="d">OCLCQ</subfield></datafield><datafield ind1=" " ind2=" " tag="042"><subfield code="a">msc</subfield></datafield><datafield ind1="0" ind2=" " tag="130"><subfield code="a">Farmer and miner (Frederick, Colo. : 1978)</subfield></datafield><datafield ind1="1" ind2="0" tag="245"><subfield code="a">Farmer and miner.</subfield></datafield><datafield ind1=" " ind2=" " tag="260"><subfield code="a">Frederick, Colo. :</subfield><subfield code="b">Marge Easton</subfield></datafield><datafield ind1=" " ind2=" " tag="300"><subfield code="a">v.</subfield></datafield><datafield ind1=" " ind2=" " tag="310"><subfield code="a">Weekly</subfield></datafield><datafield ind1="0" ind2=" " tag="362"><subfield code="a">Vol. 46, no. 8 (Jan. 12, 1978)-v. 49, no. 55 (Dec. 27, 1979).</subfield></datafield><datafield ind1=" " ind2=" " tag="515"><subfield code="a">Numbering is irregular.</subfield></datafield><datafield ind1=" " ind2=" " tag="530"><subfield code="a">Available on microfilm from the Colorado Historical Society.</subfield></datafield><datafield ind1=" " ind2=" " tag="752"><subfield code="a">United States</subfield><subfield code="b">Colorado</subfield><subfield code="c">Weld</subfield><subfield code="d">Frederick.</subfield></datafield><datafield ind1="0" ind2="0" tag="780"><subfield code="t">Farmer and miner and the Erie echo</subfield><subfield code="w">(DLC)sn 88063005</subfield></datafield><datafield ind1="0" ind2="7" tag="785"><subfield code="t">Erie echo</subfield></datafield><datafield ind1="0" ind2="7" tag="785"><subfield code="t">Farmer and miner and the Erie echo (Frederick, Colo. : 1980)</subfield><subfield code="w">(DLC)sn 89052102</subfield></datafield></record>